@article{Ferreira2015,
  title={Molecular docking and structure-based drug design strategies},
  author={Ferreira, L. G. and Dos Santos, R. N. and Oliva, G. and Andricopulo, A. D.},
  journal={Molecules},
  volume={20},
  number={7},
  pages={13384--13421},
  year={2015},
  publisher={MDPI}
}
